
@misc{amherstcollegeAdvancedDataAnalysis,
  title = {Advanced {{Data Analysis}}},
  author = {Amherst College},
  howpublished = {https://www.amherst.edu/academiclife/departments/courses/2021F/STAT/STAT-495-2021F}
}

@misc{dempseyWhatDifferenceGIS2014a,
  title = {What Is the {{Difference Between GIS}} and {{Geospatial}}?},
  author = {Dempsey, Caitlin},
  year = {2014},
  month = jan,
  journal = {GIS Lounge},
  language = {en-US}
}

@misc{googleGoogleMaps,
  title = {Google {{Maps}}},
  author = {Google},
  howpublished = {https://www.google.com/maps},
  journal = {Google Maps},
  language = {en}
}

@book{hortonModernDataScience,
  title = {Modern {{Data Science}} with {{R}}},
  author = {Horton, Nicholas J. and Baumer, Benjamin S. and Kaplan, Daniel T.},
  edition = {Second},
  abstract = {A comprehensive data science textbook for undergraduates that incorporates statistical and computational thinking to solve real-world problems with data.}
}

@book{lovelaceGeocomputation2020,
  title = {Geocomputation with {{R}}},
  author = {Lovelace, Robin and Muenchow, Jannes and Nowosad, Jakub},
  year = {2020}
}

@misc{mapmyrunUnitedStatesRunning,
  title = {United {{States}} Running - {{Routes}}, {{Trails}} and {{Races}}},
  author = {MapMyRun},
  howpublished = {https://www.mapmyrun.com/us/}
}

@misc{omnisciGeospatialCompleteIntroduction,
  title = {Geospatial - {{A Complete Introduction}}},
  author = {OmniSci},
  howpublished = {https://www.omnisci.com/learn/geospatial}
}

@misc{raessAwesomenessThatGlobal2018,
  title = {The Awesomeness That Is the Global.{{R}} File. {{Or}} How to Clean up Your Shiny App},
  author = {Raess, Matthias},
  year = {2018},
  abstract = {The global.R file What does it do? How do you do it? Final thought   The global.R file Anybody who has ever created a shiny app or a shinydashboard has probably had the problem of the ui.R and server.R or the app.R files becoming very complex and crowded. Sure, if you're app is very simple, you don't have any side-bar with several tabs, etc. then you probably don't know what I'm talking about, but bear with me, this might still be interesting further down the road on your journey to becoming a Shiny master.},
  howpublished = {/2018/07/the-awesomeness-that-is-the-global-r-file-or-how-to-clean-up-your-shiny-app/},
  journal = {Matthias Raess, Ph.D.},
  language = {en-us}
}

@misc{rstudioLeaflet,
  title = {Leaflet for {{R}}},
  author = {RStudio},
  howpublished = {https://rstudio.github.io/leaflet/}
}

@misc{snapinc.SnapMap,
  title = {About - {{Snap Map}}},
  author = {Snap Inc.},
  howpublished = {https://map.snapchat.com/}
}

@article{thompsonEveryPlaceHas2020,
  title = {Every {{Place Has Its Own Climate Risk}}. {{What Is It Where You Live}}?},
  author = {Thompson, Stuart A. and Serkez, Yaryna},
  year = {2020},
  month = sep,
  issn = {0362-4331},
  abstract = {Enter your county and we'll tell you.},
  chapter = {Opinion},
  journal = {The New York Times},
  language = {en-US}
}

@misc{universityofmiamiSharkResearchConservation,
  title = {Shark {{Research}} \& {{Conservation Program}} ({{SRC}}) {{University}} of {{Miami}}},
  author = {{University of Miami}},
  language = {en-US}
}

@misc{universityofmiamisharkresearchconservationprogramTrackingOliviaEve,
  title = {Tracking {{Olivia Eve}}},
  author = {{University of Miami Shark Research \& Conservation Program}},
  language = {en-US}
}

@article{wikipediaClimateUnitedStates2020,
  title = {Climate of the {{United States}}},
  author = {Wikipedia},
  year = {2020},
  month = nov,
  annotation = {Page Version ID: 988937545},
  copyright = {Creative Commons Attribution-ShareAlike License},
  journal = {Wikipedia},
  language = {en}
}

@article{wikipediaKoppenClimateClassification2020,
  title = {K\"oppen Climate Classification},
  author = {Wikipedia},
  year = {2020},
  month = nov,
  annotation = {Page Version ID: 989533529},
  copyright = {Creative Commons Attribution-ShareAlike License},
  journal = {Wikipedia},
  language = {en}
}


